@article{strobelt2018s,
  title={Seq2seq-vis: A visual debugging tool for sequence-to-sequence models},
  author={Strobelt, Hendrik and Gehrmann, Sebastian and Behrisch, Michael and Perer, Adam and Pfister, Hanspeter and Rush, Alexander M},
  journal={IEEE transactions on visualization and computer graphics},
  volume={25},
  number={1},
  pages={353--363},
  year={2018},
  publisher={IEEE}
}
